@article{Lions:2001,
    title = "A ``parareal'' in time discretization of PDE's",
    author = "Lions, J.-L. and Maday, Y. and Turinici, G.",
    journal = "Comptes Rendus de l'Acad{\'{e}}mie des Sciences - Series I - Mathematics",
    pages = "661--668",
    volume = 332,
    year = 2001
}

@mastersthesis{Nielsen:2012,
    title = "Feasibility study of the parareal algorithm",
    author = "Nielsen, A.S.",
    school = "Technical University of Denmark",
    year = 2012,
}

@article{Gander:2007,
    title = "Analysis of the parareal time-parallel time-integration method",
    author = "Gander, M.J. and Vandewalle, S.",
    journal = "{SIAM} Journal on Scientific Computing",
    volume = 29,
    number = 2,
    pages = "556--578",
    year = 2007
}

@article{Aubanel:2011,
    title = "Scheduling of tasks in the parareal algorithm",
    author = "Aubanel, E.",
    journal = "Parallel Computing",
    volume = 37,
    number = 3,
    pages = "172--182",
    year = 2011
}

@incollection{Julia:2014,
editor = "B.A. Tate and F. Daoud and I. Dees and J. Moffit",
author = "J. Moffit and B.A. Tate",
title = "Julia",
booktitle = "Seven more languages in seven weeks: Languages that are shaping the future",
year = 2014,
pages = "171--207",
chapter = 5,
publisher = "Pragmatic Bookshelf",
address = "Dallas, TX"
}
